
@article{fayyad_data_1996,
	title = {From {Data} {Mining} to {Knowledge} {Discovery} in {Databases}},
	volume = {17},
	issn = {2371-9621},
	url = {https://www.aaai.org/ojs/index.php/aimagazine/article/view/1230},
	doi = {10.1609/aimag.v17i3.1230},
	language = {en-US},
	number = {3},
	urldate = {2018-10-29},
	journal = {1},
	author = {Fayyad, Usama and Piatetsky-Shapiro, Gregory and Smyth, Padhraic},
	month = mar,
	year = {1996},
	pages = {37--37},
	file = {Full Text PDF:C\:\\Users\\axel2\\Zotero\\storage\\5LL26SQ9\\Fayyad et al. - 1996 - From Data Mining to Knowledge Discovery in Databas.pdf:application/pdf;Snapshot:C\:\\Users\\axel2\\Zotero\\storage\\XDMW7I3F\\1230.html:text/html}
}