%% This BibTeX bibliography file was created using BibDesk.
%% https://bibdesk.sourceforge.io/

%% Created for Abdulrahman Abouelkhair at 2019-10-14 21:27:16 +0200 


%% Saved with string encoding Unicode (UTF-8) 



@article{hoy_matveev_savkin_2015,
	Author = {Hoy, Michael and Matveev, Alexey S. and Savkin, Andrey V.},
	Doi = {10.1017/S0263574714000289},
	Issn = {0263-5747},
	Journal = {Robotica},
	Keywords = {Path planning, Navigation, Multi-robot systems, Motion planning, Mobile robots, Control of robotic systems},
	Number = {3},
	Pages = {463--497},
	Publisher = {Cambridge University Press},
	Title = {Algorithms for collision-free navigation of mobile robots in complex cluttered environments: a survey},
	Url = {https://www.cambridge.org/core/journals/robotica/article/algorithms-for-collisionfree-navigation-of-mobile-robots-in-complex-cluttered-environments-a-survey/ADA8F6F7E30123629A26B08DA0C79C8C},
	Volume = {33},
	Year = {2015},
	Bdsk-Url-1 = {https://www.cambridge.org/core/journals/robotica/article/algorithms-for-collisionfree-navigation-of-mobile-robots-in-complex-cluttered-environments-a-survey/ADA8F6F7E30123629A26B08DA0C79C8C},
	Bdsk-Url-2 = {https://doi.org/10.1017/S0263574714000289}}
